@misc{Bell_2006,
    author={Bell, George I.},
    title={Georgeâ€™s Peg Solitaire Page},
    howpublished={Online},
    year={2025},
    url={\url{http://www.gibell.net/pegsolitaire/}},
    urldate={2025-06-13},
}